%% papers about exams package

@Article{exams:Gruen+Zeileis:2009,
  author        = {Bettina Gr\"un and Achim Zeileis},
  title         = {Automatic Generation of Exams in \proglang{R}},
  journal       = {Journal of Statistical Software},
  year          = {2009},
  volume        = {29},
  number        = {10},
  pages		= {1--14},
  url           = {http://www.jstatsoft.org/v29/i10/}
}

@Article{exams:Zeileis+Umlauf+Leisch:2014,
  author	= {Achim Zeileis and Nikolaus Umlauf and Friedrich Leisch},
  title		= {Flexible Generation of E-Learning Exams in {R}:
  		   {M}oodle Quizzes, {OLAT} Assessments, and Beyond},
  journal       = {Journal of Statistical Software},
  year          = {2014},
  volume        = {58},
  number        = {1},
  pages		= {1--36},
  url           = {http://www.jstatsoft.org/v58/i01/}
}


%% assessment in statistics

@Book{exams:Gal+Garfield:1997,
  editor =	 {I. Gal and J. B. Garfield},
  title =	 {The Assessment Challenge in Statistics Education},
  publisher =	 {IOS Press},
  year =	 1997,
  address =	 {Netherlands},
}

@InProceedings{exams:Klinke:2004,
  author =	 {Siegbert Klinke},
  title =	 {{Q\&A} -- Variable Multiple Choice Exercises with
                  Commented Answers},
  booktitle =	 {COMPSTAT 2004 -- Proceedings in Computational
                  Statistics},
  pages =	 {1323--1328},
  year =	 {2004},
  editor =	 {Jaromir Antoch},
  address =	 {Heidelberg},
  publisher =	 {Physica Verlag}
}

@Article{exams:Garfield+Chance:2000,
  author =	 {Joan B. Garfield and Beth Chance},
  title =	 {Assessment in Statistics Education: Issues and
                  Challenges},
  journal =	 {Mathematical Thinking and Learning},
  year =	 2000,
  volume =	 2,
  number =	 {1/2},
  pages =	 {99--125},
}

%% literate programming/practice

@Book{exams:Knuth:1992,
  author =	 {Donald E. Knuth},
  title =	 {Literate Programming},
  year =	 1992,
  publisher =	 {Center for the Study of Language and Information},
  address =	 {Stanford, California},
  series =	 {CSLI Lecture Notes},
  volume =	 27
}

@TechReport{exams:deLeeuw:2001,
  author =	 {Jan de Leeuw},
  title =	 {Reproducible Research: The Bottom Line},
  institution =	 {Department of Statistics Papers, University of
                  California, Los Angeles},
  year =	 2001,
  type =	 {Technical Report},
  number =	 2001031101,
  url =		 {http://repositories.cdlib.org/uclastat/papers/2001031101/}
}

@InProceedings{exams:Leisch:2002a,
  author =	 {Friedrich Leisch},
  title =	 {Dynamic Generation of Statistical Reports Using
                  Literate Data Analysis},
  booktitle =	 {COMPSTAT 2002 -- Proceedings in Computational
                  Statistics},
  pages =	 {575--580},
  year =	 2002,
  editor =	 {W. H\"ardle and B. R\"onz},
  address =	 {Heidelberg},
  publisher =	 {Physica Verlag}
}

@Article{exams:Leisch:2002,
  author =	 {Friedrich Leisch},
  title =	 {\code{Sweave}, Part {I}: Mixing \proglang{R} and {\LaTeX}},
  journal =	 {\proglang{R} News},
  year =	 2002,
  volume =	 2,
  number =	 3,
  pages =	 {28--31},
  month =	 {December},
  url =		 {http://CRAN.R-project.org/doc/Rnews/}
}

@Article{exams:Leisch:2003,
  author       = {Friedrich Leisch},
  title        = {\code{Sweave}, Part {II}: Package Vignettes},
  journal      = {\proglang{R} News},
  year         = {2003},
  volume       = {3},
  number       = {2},
  pages        = {21--24},
  month        = {October},
  url          = {http://CRAN.R-project.org/doc/Rnews/}
}

@Article{exams:Leisch+Rossini:2003,
  author =	 {Friedrich Leisch and Anthony J. Rossini},
  title =	 {Reproducible Statistical Research},
  journal =	 {Chance},
  year =	 2003,
  volume =	 16,
  number =	 2,
  pages =	 {46--50}
}

@InProceedings{exams:Rossini:2001,
  author    = {Anthony J. Rossini},
  title     = {Literate Statistical Practice},
  booktitle = {Proceedings of the 2nd International Workshop on
               Distributed Statistical Computing, Vienna, Austria},
  editor    = {Kurt Hornik and Friedrich Leisch},
  year      = {2001},
  url       = {http://www.ci.tuwien.ac.at/Conferences/DSC-2001/Proceedings/},
  note      = {{ISSN 1609-395X}}
}

@Misc{exams:Kuhn:2014,
  author	= {Max Kuhn},
  title		= {{CRAN} Task View: Reproducible Research},
  year		= {2014},
  note		= {Version~2014-01-20},
  url		= {http://CRAN.R-project.org/view=ReproducibleResearch},
}


%% document preparation / version control

@Book{exams:Lamport:1994,
  author =	 {Leslie Lamport},
  title =	 {{\LaTeX}: A Document Preparation System},
  edition =	 {2nd},
  year =	 1994,
  publisher =	 {Addison-Wesley},
  address =	 {Reading, Massachusetts}
}

@Book{exams:Knuth:1984,
  author =	 {Donald E. Knuth},
  title =	 {The {\TeX}book},
  year =	 1984,
  publisher =	 {Addison-Wesley},
  address =	 {Reading, Massachusetts},
  series =	 {Computers and Typesetting},
  volume =	 {A}
}

@Book{exams:Pilato+Collins-Sussman+Fitzpatrick:2004,
  author =	 {C. Michael Pilato and Ben Collins-Sussman and Brian
                  W. Fitzpatrick},
  title =	 {Version Control with \pkg{Subversion}},
  year =	 2004,
  publisher =	 {O'Reilly},
  note =	 {Full book available online at
                  \url{http://svnbook.red-bean.com/}},
}

@Book{exams:Cederqvist:2006,
  author =	 {Per {Cederqvist et al.}},
  title =	 {Version Management with \pkg{CVS}},
  year =	 2006,
  publisher =	 {Network Theory Limited},
  address =	 {Bristol},
  note =	 {Full book available online at
                  \url{http://ximbiot.com/cvs/manual/}},
}


%% R

@Manual{exams:R:2008,
  title =	 {\proglang{R}: {A} Language and Environment for
                  Statistical Computing},
  author =	 {{\proglang{R} Development Core Team}},
  organization = {\proglang{R} Foundation for Statistical Computing},
  address =	 {Vienna, Austria},
  year =	 {2008},
  note =	 {{ISBN} 3-900051-07-0},
  url =		 {http://www.R-project.org/}
}

@Manual{exams:R:2014,
  title		= {\proglang{R}: {A} Language and Environment for
		   Statistical Computing},
  author	= {{\proglang{R} Core Team}},
  organization	= {\proglang{R} Foundation for Statistical Computing},
  address	= {Vienna, Austria},
  year		= {2014},
  url		= {http://www.R-project.org/}
}

@Manual{exams:Leisch:2008,
  author =	 {Friedrich Leisch},
  title =	 {\code{Sweave} User Manual},
  year =	 {2012},
  url =		 {http://www.stat.uni-muenchen.de/~leisch/Sweave/}
}

@Misc{exams:Leisch:2008a,
  author =	 {Friedrich Leisch},
  title =	 {\code{Sweave} {FAQ}},
  year =	 {2012},
  url =		 {http://www.stat.uni-muenchen.de/~leisch/Sweave/}
}


%% e-learning

@Manual{exams:Moodle:2014,
  author	= {Martin Dougiamas and others},
  title		= {\pkg{Moodle}, Version~2.6},
  year		= {2014},
  url		= {http://moodle.org/}
}

@Manual{exams:OLAT:2012,
  author	= {{Universit\"at Z\"urich}},
  title		= {\pkg{OLAT}~7.6 -- User Manual},
  year		= {2012},
  organization	= {IT Services, Universit\"at Z\"urich},
  address	= {Switzerland},
  url		= {http://www.olat.org/}
}

@Manual{exams:OpenOLAT:2014,
  author	= {{frentix GmbH}},
  title		= {\pkg{OpenOLAT}~9.4 -- User Manual},
  year		= {2014},
  address	= {Z\"urich, Switzerland},
  url		= {http://www.openolat.org/}
}

@Manual{exams:Blackboard:2010,
  author	= {{\pkg{Blackboard} Inc.}},
  title		= {\pkg{Blackboard Learn}~9.1},
  year		= {2010},
  address	= {Washington, DC},
  url		= {http://www.blackboard.com/}
}

@Manual{exams:QTI12:2002,
  author	= {{IMS Global Learning Consortium, Inc.}},
  title		= {{IMS} Question \& Test Interoperability: {ASI} {XML} Binding Specification Final Specification Version~1.2},
  year		= {2002},
  address	= {Lake Mary, FL},
  url		= {http://www.imsglobal.org/question/qtiv1p2/imsqti_asi_bindv1p2.html}
}

@Manual{exams:BPS:2014,
  author	= {{BPS Bildungsportal Sachsen GmbH}},
  title		= {\pkg{ONYX} Testsuite},
  year		= {2014},
  address	= {Chemnitz, Germany},
  url		= {http://onyx.bps-system.de/}
}

@InCollection{exams:Blesius+Moreno-Ger+Neumann:2007,
  author	= {Carl Robert Blesius and Pablo Moreno-Ger and Gustaf Neumann and Emmanuelle Raffenne
  		   and Gonzalez Boticario, Jes{\'u}s and Delgado Kloos, Carlos},
  title		= {\pkg{.LRN}: E-Learning Inside and Outside the Classroom -- Supporting Collaborative
  		   Learning Communities Using a Web Application Toolkit},
  editor	= {Fern{\'a}ndez-Manj{\'o}n, Baltasar and S{\'a}nchez-P{\'e}rez, Juan Manuel and
  		   G{\'o}mez-Pulido, Juan Antonio and Vega-Rodr{\'i}guez, Miguel Angel and Bravo-Rodr{\'i}guez, Jos{\'e}},
  booktitle	= {Computers and Education: E-Learning, From Theory to Practice},
  year		= {2007},
  publisher	= {Springer-Verlag},
  address	= {Dordrecht}
}

@TechReport{exams:Agea+Crespo-Garcia+Delgado-Kloos:2009,
  author	= {{\'A}lvaro Agea and Crespo Garc{\'i}a, Raquel M. and Delgado Kloos, Carlos and
  		   Guti{\'e}rrez, Israel and Derick Leony and Abelardo Pardo},
  title		= {Analysis of Existing Specifications and Standards for Assessment and Evaluation and Their Usage in {E}urope},
  institution	= {ICOPER Network for Interoperable Content for Performance in a Competency-Driven Society},
  year		= {2009},
  type		= {Deliverable},
  number	= {D6.1},
  url		= {http://www.icoper.org/results/deliverables/D6-1}
}

@InProceedings{exams:Moder:2011,
  author       = {Karl Moder},
  booktitle    = {Proceedings of the Second International Conference
                  on Innovative Developments in {ICT} (Information and
                  Communication Technology)},
  editor       = {Boris Shishkov},
  pages	       = {77-81},
  title	       = {Statistical Education at the University of Natural
                  Resources And Life Sciences in Vienna},
  year	       = {2011}
}



%% infrastructure

@Manual{exams:Hutchinson:2012,
  title		= {\pkg{TtH}: A `{\TeX} to {HTML}' Translator},
  author	= {Ian H. Hutchinson},
  year		= {2012},
  note		= {\proglang{C} code version~4.03},
  url		= {http://hutchinson.belmont.ma.us/tth/}
}

@Manual{exams:Hutchinson+Leisch+Zeileis:2013,
  title		= {\pkg{tth}: {\TeX} to {HTML}/{MathML} Translators \code{tth}/\code{ttm}},
  author	= {Ian H. Hutchinson and Friedrich Leisch and Achim Zeileis},
  year		= {2013},
  note		= {\proglang{R}~package version~4.3-1},
  url		= {http://CRAN.R-project.org/package=tth},
}

@Manual{exams:Urbanek:2012,
  title		= {\pkg{base64enc}: Tools for Base64 Encoding},
  author	= {Simon Urbanek},
  year		= {2012},
  note		= {\proglang{R}~package version~0.1-1},
  url		= {http://CRAN.R-project.org/package=base64enc},
}

@Manual{exams:ImageMagick:2014,
  title		= {\pkg{ImageMagick}: Convert, Edit, and Compose Images},
  author	= {{\pkg{ImageMagick} Studio LLC}},
  note		= {Version~6.8.9-1},
  year		= {2014},
  url		= {http://www.ImageMagick.org/},
}

@Manual{exams:RStudio:2014,
  title		= {\pkg{RStudio}: Integrated Development for \proglang{R}},
  author	= {{\pkg{RStudio} Team}},
  organization	= {\pkg{RStudio}, Inc.},
  address	= {Boston, MA},
  year		= {2014},
  url		= {http://www.RStudio.com/ide/},
}

@Manual{exams:MathJax:2013,
  title		= {\pkg{MathJax}~2.3 Documentation},
  author	= {{Design Science}},
  address	= {Long Beach, CA},
  year		= {2013},
  url		= {http://www.MathJax.org/},
}

@Manual{exams:MathPlayer:2013,
  title		= {\pkg{MathPlayer}: Display {MathML} in Your Browser},
  author	= {{Design Science}},
  address	= {Long Beach, CA},
  year		= {2013},
  url		= {http://www.dessci.com/en/products/mathplayer/},
}

@Misc{exams:Wiki+MathML:2014,
  author	= {Wikipedia},
  title		= {{MathML} --- {W}ikipedia{,} The Free Encyclopedia},
  year		= {2014},  
  howpublished	= {URL \url{http://en.wikipedia.org/wiki/MathML}, accessed 2014-05-29}
}

@Misc{exams:W3C+MathML:2014,
  author	= {W3C},
  title		= {Mathematical Markup Language ({MathML}) Version~3.0 2nd Edition},
  year		= {2014},  
  url		= {http://www.w3.org/TR/MathML/}
}

@Misc{exams:Vismor:2012,
  author	= {Timothy Vismor},
  title		= {Viewing Mathematics on the Internet},
  year		= {2012},
  note		= {Revision~2012-11-08},
  url		= {http://vismor.com/documents/site_implementation/viewing_mathematics/}
}

@Article{exams:Theussl+Zeileis:2009,
  author	= {Stefan Theu{\ss}l and Achim Zeileis},
  title		= {Collaborative Software Development Using \proglang{R}-{F}orge},
  journal	= {The \proglang{R} Journal},
  year		= {2009},
  volume	= {1},
  number	= {1},
  pages		= {9--14},
  month		= {May},
  url		= {http://journal.R-project.org/2009-1/RJournal_2009-1_Theussl+Zeileis.pdf}
}
