%% assessment in statistics

@Book{exams:Gal+Garfield:1997,
  editor =	 {I. Gal and J. B. Garfield},
  title =	 {The Assessment Challenge in Statistics Education},
  publisher =	 {IOS Press},
  year =	 1997,
  address =	 {Netherlands},
}

@InProceedings{exams:Klinke:2004,
  author =	 {Siegbert Klinke},
  title =	 {{Q\&A} -- Variable Multiple Choice Exercises with
                  Commented Answers},
  booktitle =	 {COMPSTAT 2004 -- Proceedings in Computational
                  Statistics},
  pages =	 {1323--1328},
  year =	 {2004},
  editor =	 {Jaromir Antoch},
  address =	 {Heidelberg},
  publisher =	 {Physica Verlag}
}

@Article{exams:Garfield+Chance:2000,
  author =	 {Joan B. Garfield and Beth Chance},
  title =	 {Assessment in Statistics Education: Issues and
                  Challenges},
  journal =	 {Mathematical Thinking and Learning},
  year =	 2000,
  volume =	 2,
  number =	 {1/2},
  pages =	 {99--125},
}

%% literate programming/practice

@Book{exams:Knuth:1992,
  author =	 {Donald E. Knuth},
  title =	 {Literate Programming},
  year =	 1992,
  publisher =	 {Center for the Study of Language and Information},
  address =	 {Stanford, California},
  series =	 {CSLI Lecture Notes},
  volume =	 27
}

@TechReport{exams:deLeeuw:2001,
  author =	 {Jan de Leeuw},
  title =	 {Reproducible Research: The Bottom Line},
  institution =	 {Department of Statistics Papers, University of
                  California, Los Angeles},
  year =	 2001,
  type =	 {Technical Report},
  number =	 2001031101,
  url =
                  {http://repositories.cdlib.org/uclastat/papers/2001031101/}
}

@InProceedings{exams:Leisch:2002a,
  author =	 {Friedrich Leisch},
  title =	 {Dynamic Generation of Statistical Reports Using
                  Literate Data Analysis},
  booktitle =	 {COMPSTAT 2002 -- Proceedings in Computational
                  Statistics},
  pages =	 {575--580},
  year =	 2002,
  editor =	 {W. H\"ardle and B. R\"onz},
  address =	 {Heidelberg},
  publisher =	 {Physica Verlag}
}

@Article{exams:Leisch:2002,
  author =	 {Friedrich Leisch},
  title =	 {Sweave, Part {I}: Mixing \proglang{R} and {\LaTeX}},
  journal =	 {\proglang{R} News},
  year =	 2002,
  volume =	 2,
  number =	 3,
  pages =	 {28--31},
  month =	 {December},
  url =		 {http://CRAN.R-project.org/doc/Rnews/}
}

@Article{exams:Leisch:2003,
  author       = {Friedrich Leisch},
  title        = {Sweave, Part {II}: Package Vignettes},
  journal      = {\proglang{R} News},
  year         = {2003},
  volume       = {3},
  number       = {2},
  pages        = {21--24},
  month        = {October},
  url          = {http://CRAN.R-project.org/doc/Rnews/}
}

@Article{exams:Leisch+Rossini:2003,
  author =	 {Friedrich Leisch and Anthony J. Rossini},
  title =	 {Reproducible Statistical Research},
  journal =	 {Chance},
  year =	 2003,
  volume =	 16,
  number =	 2,
  pages =	 {46--50}
}

@InProceedings{exams:Rossini:2001,
  author    = {Anthony J. Rossini},
  title     = {Literate Statistical Practice},
  booktitle = {Proceedings of the 2nd International Workshop on
               Distributed Statistical Computing, Vienna, Austria},
  editor    = {Kurt Hornik and Friedrich Leisch},
  year      = {2001},
  url       = {http://www.ci.tuwien.ac.at/Conferences/DSC-2001/Proceedings/},
  note      = {{ISSN 1609-395X}}
}

%% document preparation / version control

@Book{exams:Lamport:1994,
  author =	 {Leslie Lamport},
  title =	 {{\LaTeX}: A Document Preparation System},
  edition =	 {2nd},
  year =	 1994,
  publisher =	 {Addison-Wesley},
  address =	 {Reading, Massachusetts}
}

@Book{exams:Knuth:1984,
  author =	 {Donald E. Knuth},
  title =	 {The {\TeX}book},
  year =	 1984,
  publisher =	 {Addison-Wesley},
  address =	 {Reading, Massachusetts},
  series =	 {Computers and Typesetting},
  volume =	 {A}
}

@Book{exams:Pilato+Collins-Sussman+Fitzpatrick:2004,
  author =	 {C. Michael Pilato and Ben Collins-Sussman and Brian
                  W. Fitzpatrick},
  title =	 {Version Control with \pkg{Subversion}},
  year =	 2004,
  publisher =	 {O'Reilly},
  note =	 {Full book available online at
                  \url{http://svnbook.red-bean.com/}},
}

@Book{exams:Cederqvist:2006,
  author =	 {Per {Cederqvist et al.}},
  title =	 {Version Management with \pkg{CVS}},
  year =	 2006,
  publisher =	 {Network Theory Limited},
  address =	 {Bristol},
  note =	 {Full book available online at
                  \url{http://ximbiot.com/cvs/manual/}},
}


%% R

@Manual{exams:R:2008,
  title =	 {\proglang{R}: {A} Language and Environment for
                  Statistical Computing},
  author =	 {{\proglang{R} Development Core Team}},
  organization = {\proglang{R} Foundation for Statistical Computing},
  address =	 {Vienna, Austria},
  year =	 2008,
  note =	 {{ISBN} 3-900051-07-0},
  url =		 {http://www.R-project.org/}
}

@Manual{exams:Leisch:2008,
  author =	 {Friedrich Leisch},
  title =	 {{Sweave} User Manual},
  year =	 2008,
  url =		 {http://www.stat.uni-muenchen.de/~leisch/Sweave/}
}

@Misc{exams:Leisch:2008a,
  author =	 {Friedrich Leisch},
  title =	 {{Sweave} {FAQ}},
  year =	 2008,
  url =		 {http://www.stat.uni-muenchen.de/~leisch/Sweave/}
}
